<collection xmlns="http://www.loc.gov/MARC21/slim">
<record>
  <leader>01552nam0a22002771i 450 </leader>
  <controlfield tag="001">IT\ICCU\CNCE\040807</controlfield>
  <controlfield tag="005">20090519000000.0</controlfield>
  <datafield tag="012" ind1=" " ind2=" ">
    <subfield code="a">e-n- 8.i. u:o- uePI (3) 1583 (R)</subfield>
    <subfield code="2">fei</subfield>
  </datafield>
  <datafield tag="100" ind1=" " ind2=" ">
    <subfield code="a">19981119d1583        0itac0103    ba</subfield>
  </datafield>
  <datafield tag="101" ind1=" " ind2=" ">
    <subfield code="a">LAT</subfield>
  </datafield>
  <datafield tag="102" ind1=" " ind2=" ">
    <subfield code="a">IT</subfield>
  </datafield>
  <datafield tag="200" ind1="1" ind2=" ">
    <subfield code="a">Decisiones r.p.d. Iacobi Putei, sacri palatii apostolici causarum auditoris, ets.r.e. cardinalis. Ex causis tam per ipsum, quam per alios d. auditores rotae, in eodem sacro palatio relatis: necnon ex communibus &amp; concordibus eorundem auditorum votis &amp; suffragijs, summa cura, singularique industria collectae, &amp; in tres libros diuisae. Hac nouissima editione reuisae, recognitae, restitutae, erroribusque, quibus scatebant, expurgatae : summarijs, &amp; indice locupletatae ...</subfield>
  </datafield>
  <datafield tag="210" ind1=" " ind2=" ">
    <subfield code="a">Venetiis</subfield>
    <subfield code="c">apud Franciscum Zilettum</subfield>
    <subfield code="d">1583</subfield>
  </datafield>
  <datafield tag="215" ind1=" " ind2=" ">
    <subfield code="a">\7!, 790, \142! p.</subfield>
    <subfield code="d">4ʻ</subfield>
  </datafield>
  <datafield tag="300" ind1=" " ind2=" ">
    <subfield code="a"> ̈la 39411!</subfield>
  </datafield>
  <datafield tag="620" ind1=" " ind2=" ">
    <subfield code="a">IT</subfield>
    <subfield code="d">Venezia</subfield>
  </datafield>
  <datafield tag="710" ind1="0" ind2="2">
    <subfield code="a">Santa Sede</subfield>
    <subfield code="b"> : Sacra romana rota</subfield>
    <subfield code="3">IT\ICCU\CNCA\007323</subfield>
  </datafield>
  <datafield tag="702" ind1=" " ind2="1">
    <subfield code="a">Del_Pozzo,</subfield>
    <subfield code="b">Giacomo</subfield>
    <subfield code="3">IT\ICCU\CNCA\004742</subfield>
  </datafield>
  <datafield tag="712" ind1="0" ind2="0">
    <subfield code="a">Ziletti, Francesco</subfield>
    <subfield code="3">IT\ICCU\CNCT\000247</subfield>
    <subfield code="4">650</subfield>
  </datafield>
  <datafield tag="791" ind1="0" ind2="2">
    <subfield code="a">Officium Rotae</subfield>
    <subfield code="3">24131</subfield>
    <subfield code="z">Santa Sede : Sacra romana rota</subfield>
  </datafield>
  <datafield tag="790" ind1=" " ind2="1">
    <subfield code="a">Puteus,</subfield>
    <subfield code="b">Iacobus</subfield>
    <subfield code="3">IT\ICCU\CNCA\015313</subfield>
    <subfield code="z">Del_Pozzo, Giacomo</subfield>
  </datafield>
  <datafield tag="790" ind1=" " ind2="1">
    <subfield code="a">Pozzo,</subfield>
    <subfield code="b">Giacomo : del</subfield>
    <subfield code="3">IT\ICCU\CNCA\018390</subfield>
    <subfield code="z">Del_Pozzo, Giacomo</subfield>
  </datafield>
  <datafield tag="790" ind1=" " ind2="0">
    <subfield code="a">Iacobus</subfield>
    <subfield code="c"> : Puteus</subfield>
    <subfield code="3">IT\ICCU\CNCA\018444</subfield>
    <subfield code="z">Del_Pozzo, Giacomo</subfield>
  </datafield>
  <datafield tag="791" ind1="0" ind2="0">
    <subfield code="a">Ziletus, Franciscus</subfield>
    <subfield code="3">IT\ICCU\CNCT\004189</subfield>
    <subfield code="z">Ziletti, Francesco</subfield>
  </datafield>
  <datafield tag="791" ind1="0" ind2="0">
    <subfield code="a">Zilettus, Franciscus</subfield>
    <subfield code="3">IT\ICCU\CNCT\005830</subfield>
    <subfield code="z">Ziletti, Francesco</subfield>
  </datafield>
  <datafield tag="801" ind1=" " ind2="3">
    <subfield code="a">IT</subfield>
    <subfield code="b">ICCU</subfield>
    <subfield code="c">20201114</subfield>
  </datafield>
</record>
</collection>
